<record><leader>00000cas a22000007a 4500</leader><controlfield tag="001">11127081</controlfield><controlfield tag="008">840906d19081915mtudn ne      0    0eng d</controlfield><datafield ind1=" " ind2=" " tag="010"><subfield code="a">sn 84036169 </subfield></datafield><datafield ind1=" " ind2=" " tag="040"><subfield code="a">MTL</subfield><subfield code="b">eng</subfield><subfield code="c">MTL</subfield><subfield code="d">OCLCQ</subfield></datafield><datafield ind1=" " ind2=" " tag="042"><subfield code="a">msc</subfield></datafield><datafield ind1="0" ind2=" " tag="130"><subfield code="a">Billings evening journal (Billings, Mont. : 1908)</subfield></datafield><datafield ind1="1" ind2="4" tag="245"><subfield code="a">The Billings evening journal.</subfield></datafield><datafield ind1="3" ind2="0" tag="246"><subfield code="a">Evening journal</subfield></datafield><datafield ind1=" " ind2=" " tag="260"><subfield code="a">Billings, Mont. :</subfield><subfield code="b">[Gazette Print. Co.],</subfield><subfield code="c">1908-1915.</subfield></datafield><datafield ind1=" " ind2=" " tag="300"><subfield code="a">6 v. :</subfield><subfield code="b">ill.</subfield></datafield><datafield ind1=" " ind2=" " tag="310"><subfield code="a">Daily (except Sun.)</subfield></datafield><datafield ind1="0" ind2=" " tag="362"><subfield code="a">Vol. 2, no. 501 (Aug. 1, 1908)-v. 8, no. 140 (June 16, 1915).</subfield></datafield><datafield ind1=" " ind2=" " tag="500"><subfield code="a">Sometimes published as: The Evening journal.</subfield></datafield><datafield ind1=" " ind2=" " tag="500"><subfield code="a">"Republican," 1908-1914; "a Democratic newspaper," 1914-1915.</subfield></datafield><datafield ind1=" " ind2=" " tag="500"><subfield code="a">Publishers: Gazette Printing Co., &lt;1908&gt;-1914.--J.M. Kennedy and T.M. Swindlehurst, 1914-1915.</subfield></datafield><datafield ind1=" " ind2=" " tag="752"><subfield code="a">United States</subfield><subfield code="b">Montana</subfield><subfield code="c">Yellowstone</subfield><subfield code="d">Billings.</subfield></datafield><datafield ind1="0" ind2="0" tag="780"><subfield code="t">Billings daily journal</subfield><subfield code="w">(DLC)sn 84036168</subfield></datafield><datafield ind1="0" ind2="7" tag="785"><subfield code="t">Billings daily tribune</subfield><subfield code="w">(DLC)sn 84036167</subfield></datafield><datafield ind1="0" ind2="7" tag="785"><subfield code="t">Billings evening journal-tribune</subfield><subfield code="w">(DLC)sn 84036170</subfield></datafield></record>